<?xml version="1.0" encoding="UTF-8"?><record xmlns="http://www.loc.gov/MARC21/slim" xmlns:cinclude="http://apache.org/cocoon/include/1.0" xmlns:zs="http://www.loc.gov/zing/srw/">
  <leader>00431nz  a2200121n  4500</leader>
  <controlfield tag="001">n 2006073385</controlfield>
  <controlfield tag="003">DLC</controlfield>
  <controlfield tag="005">20060925075142.0</controlfield>
  <controlfield tag="008">060922n| acannaabn          |n aaa      </controlfield>
  <datafield tag="010" ind1=" " ind2=" ">
    <subfield code="a">n 2006073385</subfield>
  </datafield>
  <datafield tag="040" ind1=" " ind2=" ">
    <subfield code="a">DLC</subfield>
    <subfield code="b">eng</subfield>
    <subfield code="c">DLC</subfield>
  </datafield>
  <datafield tag="100" ind1="1" ind2=" ">
    <subfield code="a">Yaghjian, Lucretia B.</subfield>
  </datafield>
  <datafield tag="670" ind1=" " ind2=" ">
    <subfield code="a">Yaghjian, Lucretia B. Writing theology well, c2006:</subfield>
    <subfield code="b">ECIP t.p. (Lucretia B. Yaghjian) data view (director, Episcopal Divinity School &amp; Weston Jesuit School of Theology)</subfield>
  </datafield>
</record>